Date,Store_ID,Product_ID,Units_Sold,Revenue,City,Holiday
2023/06/07,S004,P0012,33,214.41,Phoenix,-
15-08-2023,S001,P0032,6,0.0,,Y
2023/08/10,S008,P0050,4,80.22,Los Angeles,Y
"Apr 09, 2023",S001,P0028,13,78.19,,No
2023/11/26,S003,P0036,17,310.56,New York,-
20-01-2023,S006,P0024,31,690.48,,No
2023/05/09,S003,P0049,18,0.0,Chicago,No
"Jun 26, 2023",S003,P0028,4,97.62,Los Angeles,Y
2023/05/09,S008,P0023,26,611.73,Los Angeles,-
2023/02/05,S006,P0040,39,973.19,Phoenix,-
18-02-2023,S001,P0044,1,22.41,Los Angeles,N
30-09-2023,S010,P0042,3,43.56,New York,-
"Feb 12, 2023",S003,P0032,23,401.73,Chicago,Yes
07-11-2023,S005,P0020,11,179.33,Houston,-
26-09-2023,S006,P0034,25,436.05,,Y
"Mar 28, 2023",S008,P0026,44,572.79,New York,N
20-12-2023,S003,P0018,36,545.43,,-
"Nov 03, 2023",S003,P0008,21,0.0,Phoenix,Y
08-07-2023,S001,P0035,42,766.78,Houston,No
"Nov 21, 2023",S004,P0010,36,352.54,Los Angeles,Y
07-12-2023,S006,P0049,30,710.95,Houston,Y
2023/03/29,S010,P0046,14,276.95,Chicago,-
22-09-2023,S010,P0011,3,37.32,Los Angeles,Yes
27-07-2023,S006,P0025,39,947.16,,-
2023/12/10,S008,P0010,49,0.0,Phoenix,-
"Aug 13, 2023",S003,P0015,33,692.07,Phoenix,Yes
27-01-2023,S005,P0044,-1,-18.55,,Yes
24-08-2023,S002,P0001,33,667.21,New York,No
2023/11/11,S004,P0026,22,461.02,,N
21-10-2023,S004,P0041,28,609.26,,N
2023/06/06,S005,P0016,30,0.0,Los Angeles,-
25-02-2023,S003,P0005,-4,0.0,New York,N
"Sep 15, 2023",S002,P0046,6,130.79,Phoenix,-
"Jul 03, 2023",S004,P0014,12,0.0,Houston,-
2023/05/13,S008,P0047,50,538.53,Los Angeles,Y
2023/12/27,S004,P0034,17,342.34,Chicago,Yes
"Apr 25, 2023",S005,P0021,22,313.62,New York,N
11-04-2023,S001,P0015,28,401.52,Houston,Y
2023/04/16,S007,P0012,47,706.03,Houston,Yes
21-02-2023,S003,P0007,50,1108.11,New York,Yes
11-04-2023,S004,P0033,5,95.07,Los Angeles,-
22-03-2023,S006,P0013,32,181.17,New York,Yes
"Jan 30, 2023",S006,P0031,46,553.67,New York,Y
26-02-2023,S004,P0001,6,93.61,Los Angeles,Y
"Jun 03, 2023",S010,P0018,32,506.23,,Y
29-08-2023,S007,P0006,45,994.4,New York,-
"Apr 24, 2023",S006,P0014,39,787.55,Houston,Yes
2023/04/19,S008,P0010,33,529.53,,Yes
"Sep 17, 2023",S007,P0047,2,41.23,Chicago,-
"Jul 10, 2023",S002,P0016,48,545.89,Chicago,-
24-05-2023,S010,P0028,25,439.31,Los Angeles,-
21-09-2023,S001,P0043,18,303.62,New York,N
"Jul 10, 2023",S007,P0049,1,23.45,Los Angeles,Y
2023/02/20,S005,P0043,42,873.68,Houston,-
04-04-2023,S009,P0015,-4,-41.59,Houston,-
14-07-2023,S005,P0032,24,564.04,Los Angeles,N
"Dec 20, 2023",S004,P0050,47,688.67,Los Angeles,No
2023/12/16,S002,P0031,49,385.02,Chicago,Yes
2023/03/03,S006,P0028,14,297.86,Phoenix,Yes
2023/09/17,S008,P0014,17,153.57,,Y
2023/09/24,S003,P0022,4,41.93,,Y
2023/11/06,S002,P0017,4,54.55,Houston,-
2023/03/28,S009,P0014,8,125.24,Los Angeles,N
2023/08/29,S008,P0013,16,0.0,,No
"Dec 24, 2023",S006,P0039,15,276.83,Chicago,Yes
01-08-2023,S003,P0022,35,256.15,Phoenix,-
"Mar 03, 2023",S003,P0047,38,485.86,New York,No
03-11-2023,S006,P0032,13,97.34,,Yes
"Nov 21, 2023",S005,P0027,2,29.29,,No
"Mar 12, 2023",S009,P0001,39,296.12,,-
20-06-2023,S006,P0022,19,444.41,Chicago,N
2023/07/11,S009,P0043,28,240.37,New York,No
"Nov 03, 2023",S002,P0046,7,171.42,New York,No
2023/02/07,S007,P0013,9,143.89,Phoenix,No
2023/04/22,S004,P0007,25,0.0,Chicago,No
"Oct 04, 2023",S006,P0032,38,603.88,Los Angeles,-
2023/06/10,S008,P0040,41,843.03,Chicago,No
22-04-2023,S003,P0016,3,53.1,Los Angeles,No
19-04-2023,S006,P0038,-4,-65.61,Houston,No
20-09-2023,S009,P0031,-5,-105.87,Chicago,No
2023/07/22,S002,P0034,26,0.0,,N
"Nov 26, 2023",S005,P0035,40,572.43,Phoenix,-
2023/02/18,S010,P0023,30,621.6,,-
05-08-2023,S003,P0029,43,655.69,New York,No
2023/08/10,S004,P0001,14,147.4,Phoenix,Yes
16-07-2023,S007,P0009,20,314.33,New York,Y
18-07-2023,S002,P0028,23,134.0,Phoenix,Yes
"Jan 12, 2023",S007,P0004,29,334.7,,Yes
2023/02/01,S005,P0014,25,567.2,Houston,No
2023/01/14,S006,P0020,20,260.11,New York,No
"Jan 06, 2023",S009,P0039,42,981.58,,Yes
"Jun 28, 2023",S004,P0021,32,564.67,,No
"Nov 14, 2023",S010,P0018,26,330.2,New York,N
18-07-2023,S003,P0042,18,304.2,,Yes
2023/02/26,S004,P0007,50,466.82,Chicago,No
2023/05/03,S007,P0031,3,36.94,Phoenix,-
08-04-2023,S002,P0050,-2,-33.7,Los Angeles,-
17-01-2023,S004,P0030,13,217.63,Los Angeles,-
07-12-2023,S010,P0026,16,197.26,Phoenix,N
19-03-2023,S007,P0026,46,663.94,Los Angeles,Y
02-10-2023,S006,P0009,-4,-28.25,Chicago,No
"Dec 15, 2023",S009,P0034,12,145.16,Chicago,Y
"Apr 01, 2023",S009,P0008,35,710.03,Phoenix,N
2023/10/20,S006,P0047,16,158.81,Los Angeles,-
2023/06/20,S009,P0024,24,235.95,Phoenix,-
2023/02/07,S009,P0036,28,561.23,Los Angeles,Y
21-05-2023,S004,P0022,46,361.3,,Y
27-02-2023,S010,P0010,11,93.77,Phoenix,-
"Sep 20, 2023",S008,P0010,35,691.56,,No
2023/04/04,S005,P0009,12,107.25,Houston,Y
"Aug 20, 2023",S002,P0049,43,612.29,Chicago,Yes
15-11-2023,S002,P0012,11,134.75,Los Angeles,-
10-08-2023,S006,P0033,38,441.74,Houston,No
2023/11/03,S001,P0039,35,528.07,Los Angeles,-
09-04-2023,S010,P0001,38,327.11,,Yes
"Apr 07, 2023",S005,P0040,39,766.66,Chicago,-
"May 31, 2023",S006,P0005,0,0.0,,No
2023/03/28,S010,P0027,46,400.01,Phoenix,-
2023/08/27,S005,P0006,32,396.41,New York,N
13-11-2023,S007,P0009,8,66.32,Phoenix,Y
18-05-2023,S001,P0020,41,626.65,New York,Y
"Mar 21, 2023",S001,P0041,22,446.74,New York,Y
"May 02, 2023",S002,P0037,22,260.98,Los Angeles,N
2023/08/30,S005,P0034,17,333.2,Chicago,No
21-07-2023,S007,P0004,42,558.72,,No
"Jun 08, 2023",S010,P0005,33,771.35,New York,N
09-04-2023,S006,P0043,35,344.16,New York,No
11-12-2023,S007,P0027,6,46.58,Phoenix,-
"Nov 16, 2023",S001,P0045,-5,-57.48,Phoenix,Y
"May 24, 2023",S001,P0034,5,63.86,Phoenix,N
19-10-2023,S001,P0032,44,887.26,,N
2023/09/28,S003,P0035,48,637.81,,No
2023/06/14,S006,P0029,19,465.94,Los Angeles,-
"Aug 18, 2023",S010,P0027,35,198.12,New York,Y
"Mar 23, 2023",S010,P0013,50,682.91,Houston,-
"Aug 07, 2023",S001,P0039,50,515.95,Houston,N
"Aug 06, 2023",S009,P0005,12,288.91,Chicago,N
22-12-2023,S008,P0044,16,107.88,,N
2023/12/15,S002,P0001,20,259.92,,No
2023/03/25,S008,P0003,6,40.59,New York,-
"Apr 10, 2023",S006,P0017,49,794.99,Phoenix,-
2023/06/20,S004,P0016,3,34.97,Phoenix,No
02-04-2023,S008,P0037,7,94.34,Phoenix,Yes
2023/04/23,S005,P0040,50,1019.19,Phoenix,Yes
27-03-2023,S002,P0042,22,219.55,Chicago,Y
"Feb 28, 2023",S010,P0029,41,637.94,Los Angeles,-
2023/08/14,S003,P0047,45,751.54,Chicago,-
06-03-2023,S008,P0043,46,470.48,Phoenix,N
"Nov 16, 2023",S010,P0047,37,727.34,Chicago,Yes
2023/03/06,S008,P0011,41,604.18,Los Angeles,No
"May 10, 2023",S004,P0027,8,199.71,Los Angeles,Y
2023/10/25,S009,P0045,27,256.75,New York,N
01-03-2023,S005,P0032,32,778.82,Los Angeles,Yes
25-03-2023,S007,P0034,43,671.96,,Yes
2023/12/27,S008,P0019,7,68.85,Phoenix,Yes
2023/11/23,S004,P0019,5,70.39,Los Angeles,N
07-08-2023,S001,P0021,28,472.69,New York,N
2023/07/26,S001,P0047,24,520.61,Houston,N
"Apr 21, 2023",S010,P0017,1,13.46,Chicago,-
21-09-2023,S007,P0044,48,1178.53,Houston,Y
"Mar 26, 2023",S008,P0042,29,272.06,Los Angeles,No
2023/10/01,S007,P0033,16,87.77,Los Angeles,N
2023/10/14,S001,P0027,15,185.86,Houston,No
2023/07/20,S006,P0007,0,0.0,,No
2023/04/21,S003,P0030,-5,-40.6,Houston,Y
"May 13, 2023",S002,P0015,32,796.14,New York,N
"May 21, 2023",S008,P0010,8,73.15,New York,Y
"Dec 05, 2023",S009,P0038,3,34.53,Chicago,Y
2023/08/02,S003,P0039,49,257.57,Los Angeles,Y
"Nov 28, 2023",S007,P0022,46,962.29,Phoenix,Y
2023/12/26,S004,P0026,16,164.33,,N
31-05-2023,S003,P0026,31,300.96,,-
22-07-2023,S008,P0032,33,655.44,,N
"Apr 12, 2023",S008,P0033,9,185.8,,Y
06-11-2023,S004,P0021,30,263.88,Chicago,No
2023/01/23,S010,P0024,6,35.92,Chicago,-
20-01-2023,S009,P0006,-4,-52.54,Houston,Y
08-07-2023,S010,P0017,26,562.04,New York,N
"Aug 21, 2023",S003,P0034,34,451.74,,-
"May 13, 2023",S002,P0030,18,233.03,Los Angeles,N
2023/03/06,S007,P0016,20,460.49,Los Angeles,-
2023/04/30,S006,P0037,13,199.29,Chicago,Yes
2023/10/28,S009,P0031,-3,-27.03,Houston,Y
09-03-2023,S009,P0032,31,327.53,New York,-
2023/06/09,S002,P0001,19,335.54,Chicago,Yes
17-06-2023,S007,P0013,41,1008.4,New York,No
23-07-2023,S002,P0048,18,317.46,,No
"Jan 13, 2023",S007,P0032,48,1184.27,,Y
05-03-2023,S004,P0045,33,463.81,New York,No
"Aug 04, 2023",S008,P0037,29,445.74,New York,Y
"Dec 26, 2023",S006,P0029,11,245.26,Chicago,Y
"Mar 08, 2023",S005,P0027,6,67.29,Los Angeles,-
"Jan 23, 2023",S006,P0027,47,1128.25,Houston,No
"Oct 29, 2023",S001,P0039,18,344.45,,Y
14-05-2023,S009,P0003,45,892.33,Phoenix,Y
"Apr 15, 2023",S002,P0038,34,764.46,New York,No
07-03-2023,S009,P0009,2,16.4,New York,Y
23-10-2023,S005,P0018,20,123.13,,N
"Apr 28, 2023",S006,P0019,45,420.24,Chicago,Y
"Jan 10, 2023",S007,P0009,47,618.29,Chicago,No
2023/02/10,S008,P0022,12,268.4,Houston,Yes
2023/10/17,S005,P0035,33,751.68,New York,Yes
2023/09/21,S006,P0012,46,813.99,,-
2023/03/30,S010,P0006,45,682.9,Phoenix,Y
"Feb 16, 2023",S006,P0037,11,221.92,Houston,No
"May 22, 2023",S002,P0034,9,148.7,Chicago,Y
17-06-2023,S003,P0024,18,441.84,Houston,No
2023/02/02,S009,P0041,43,701.97,Chicago,Y
2023/01/11,S010,P0012,-1,-19.23,Los Angeles,-
"Jul 22, 2023",S009,P0031,32,321.26,Chicago,Yes
2023/03/28,S003,P0017,5,44.3,,No
2023/04/17,S002,P0003,35,568.05,New York,-
"Sep 12, 2023",S007,P0028,3,47.45,Los Angeles,Yes
2023/06/16,S010,P0019,16,272.64,Phoenix,Yes
"Jan 28, 2023",S007,P0017,-2,-44.64,Los Angeles,-
2023/04/29,S007,P0012,7,153.76,Los Angeles,N
"Dec 02, 2023",S010,P0026,47,857.38,New York,Yes
28-09-2023,S003,P0046,25,411.14,Houston,-
13-02-2023,S002,P0019,38,805.76,Chicago,Yes
"Jul 16, 2023",S005,P0001,48,752.45,Houston,N
"Jun 11, 2023",S003,P0023,22,224.63,Chicago,Yes
2023/01/19,S001,P0044,40,802.43,Los Angeles,Yes
2023/01/03,S001,P0043,16,196.38,Los Angeles,Y
07-10-2023,S005,P0039,37,842.51,Phoenix,Yes
"Dec 19, 2023",S007,P0044,36,856.33,Los Angeles,Y
29-01-2023,S001,P0025,26,212.59,,Y
"Feb 14, 2023",S007,P0007,44,0.0,,N
"Jan 27, 2023",S007,P0037,-4,-85.45,,Y
"Jul 04, 2023",S005,P0003,17,354.16,New York,Y
03-03-2023,S001,P0024,23,188.92,Chicago,-
29-10-2023,S006,P0038,43,560.55,Los Angeles,Yes
2023/08/14,S009,P0045,25,371.87,Los Angeles,N
10-03-2023,S005,P0015,18,363.47,New York,No
27-03-2023,S001,P0018,14,232.25,Chicago,Yes
2023/04/12,S010,P0018,21,451.21,New York,Y
25-12-2023,S004,P0034,21,115.98,Los Angeles,Y
09-08-2023,S001,P0008,1,5.6,Phoenix,-
"Aug 27, 2023",S009,P0041,22,506.73,Houston,-
"Dec 04, 2023",S009,P0029,48,905.29,Phoenix,Yes
28-10-2023,S007,P0038,4,51.99,Chicago,N
2023/05/07,S002,P0033,17,191.01,,Y
2023/12/31,S001,P0016,30,0.0,Houston,Y
13-05-2023,S005,P0031,4,35.53,Phoenix,N
22-09-2023,S006,P0041,3,62.08,Los Angeles,-
2023/08/20,S009,P0001,14,293.88,Los Angeles,N
"Sep 23, 2023",S008,P0017,48,646.96,,-
15-03-2023,S009,P0046,-3,-56.75,New York,No
2023/01/24,S008,P0021,34,509.38,Phoenix,-
"May 07, 2023",S008,P0040,48,1116.62,Phoenix,Yes
"Apr 29, 2023",S010,P0017,16,183.16,Chicago,N
"Feb 26, 2023",S006,P0008,31,265.91,Los Angeles,-
"Mar 14, 2023",S005,P0004,-5,-106.39,Houston,-
"May 17, 2023",S007,P0042,1,19.28,Phoenix,No
"Feb 20, 2023",S009,P0034,30,506.46,Los Angeles,Yes
2023/07/25,S010,P0026,-4,-82.54,Houston,Y
18-03-2023,S009,P0033,39,545.35,New York,N
2023/09/17,S002,P0005,12,221.11,New York,Yes
2023/05/08,S010,P0041,29,163.69,New York,-
"Feb 20, 2023",S004,P0007,-5,-75.02,Chicago,No
"Dec 23, 2023",S008,P0046,0,0.0,Los Angeles,-
"May 29, 2023",S006,P0015,9,122.22,Houston,N
03-04-2023,S002,P0045,47,1006.88,New York,No
28-08-2023,S003,P0034,2,19.7,,Yes
2023/11/13,S010,P0042,46,606.13,New York,No
31-10-2023,S002,P0004,26,302.74,New York,Yes
18-07-2023,S010,P0048,14,177.81,Houston,No
20-07-2023,S002,P0025,47,1159.98,Los Angeles,Yes
2023/10/29,S005,P0015,9,174.77,,Yes
"May 02, 2023",S006,P0040,38,567.31,New York,Yes
21-01-2023,S003,P0007,12,273.76,New York,Yes
2023/07/30,S010,P0021,10,74.72,Chicago,Yes
2023/06/06,S002,P0010,43,781.5,New York,Yes
12-07-2023,S003,P0042,33,275.75,,No
"Apr 28, 2023",S003,P0008,38,798.1,,-
06-05-2023,S006,P0004,11,137.36,New York,No
"Jan 28, 2023",S001,P0048,6,114.96,Los Angeles,-
"Mar 02, 2023",S004,P0033,34,554.36,Los Angeles,N
"May 05, 2023",S007,P0025,47,666.62,Los Angeles,Y
"Aug 28, 2023",S003,P0029,13,312.6,Chicago,N
"Aug 22, 2023",S003,P0016,45,516.75,Los Angeles,Yes
"Apr 02, 2023",S002,P0009,33,433.78,Houston,N
"Oct 07, 2023",S009,P0006,26,247.83,Phoenix,N
"Apr 09, 2023",S008,P0039,9,70.77,Phoenix,No
02-02-2023,S009,P0032,-5,-62.94,Houston,N
24-10-2023,S003,P0029,35,394.09,New York,-
2023/03/10,S003,P0015,-3,-42.48,Phoenix,-
08-10-2023,S002,P0045,45,1019.19,Chicago,Y
04-11-2023,S008,P0039,47,465.37,Phoenix,N
30-12-2023,S005,P0021,10,241.63,Houston,No
07-06-2023,S010,P0016,8,77.08,Los Angeles,Y
2023/09/26,S008,P0022,42,695.47,Phoenix,Yes
2023/11/27,S007,P0023,35,256.17,,N
"Apr 22, 2023",S006,P0014,10,164.34,Houston,Yes
14-06-2023,S006,P0045,48,302.23,Chicago,Yes
2023/01/15,S009,P0038,37,266.66,Phoenix,Yes
2023/06/24,S008,P0014,28,677.66,New York,No
"Nov 15, 2023",S005,P0016,8,138.98,New York,N
"Sep 24, 2023",S009,P0021,43,699.36,Houston,N
18-04-2023,S010,P0022,4,40.3,Los Angeles,-
2023/05/17,S009,P0021,45,739.01,Los Angeles,Y
2023/12/12,S004,P0047,14,211.72,,Yes
2023/05/16,S006,P0034,3,40.52,,Yes
"Jul 22, 2023",S005,P0011,37,271.87,Los Angeles,Yes
22-05-2023,S001,P0008,46,518.44,New York,Y
04-03-2023,S004,P0035,45,334.26,Phoenix,Yes
"Sep 12, 2023",S009,P0019,-2,-48.29,,N
2023/06/12,S008,P0005,36,726.44,Chicago,N
"Apr 19, 2023",S007,P0036,13,186.59,Chicago,N
30-04-2023,S001,P0045,24,419.83,Houston,Yes
15-02-2023,S009,P0027,7,160.76,Los Angeles,N
"Dec 17, 2023",S005,P0017,2,15.66,Houston,Y
2023/09/19,S008,P0045,26,426.85,Los Angeles,No
16-06-2023,S006,P0019,2,29.61,Los Angeles,No
17-11-2023,S009,P0024,48,1155.36,Houston,-
2023/09/18,S004,P0036,23,389.88,Houston,-
"Sep 14, 2023",S005,P0027,30,431.4,New York,N
2023/10/20,S002,P0025,-5,-38.37,New York,No
2023/07/08,S004,P0012,12,160.65,Houston,-
10-05-2023,S003,P0010,42,565.62,Los Angeles,N
2023/07/01,S008,P0045,14,306.44,Chicago,Yes
16-07-2023,S010,P0032,9,60.62,Houston,Y
06-07-2023,S004,P0019,0,0.0,Phoenix,Yes
31-10-2023,S009,P0008,9,164.51,New York,-
07-03-2023,S010,P0040,6,77.3,Houston,No
2023/08/03,S001,P0023,32,304.89,Chicago,Yes
"Sep 26, 2023",S010,P0017,20,261.9,Phoenix,-
2023/05/17,S003,P0037,43,444.83,Phoenix,Y
"Nov 26, 2023",S006,P0036,35,656.12,Los Angeles,No
2023/03/26,S002,P0044,48,406.47,Houston,-
"Jul 28, 2023",S006,P0037,25,208.03,Chicago,-
2023/06/26,S004,P0038,15,167.24,,No
"Feb 03, 2023",S005,P0031,2,48.87,,Y
"Dec 26, 2023",S007,P0030,30,0.0,Chicago,Yes
"Apr 27, 2023",S010,P0036,40,270.44,Phoenix,Yes
"Dec 13, 2023",S004,P0049,36,737.22,Houston,No
2023/10/23,S009,P0030,49,964.9,Houston,No
"May 09, 2023",S006,P0040,-5,-48.62,Houston,Y
18-05-2023,S010,P0020,22,141.47,Los Angeles,Yes
"May 22, 2023",S008,P0021,45,1005.73,Phoenix,Y
2023/09/19,S009,P0040,17,117.55,Houston,-
"Nov 06, 2023",S006,P0020,25,422.57,,No
"May 21, 2023",S009,P0022,21,162.27,Los Angeles,N
2023/05/28,S001,P0041,24,412.78,Los Angeles,-
30-01-2023,S009,P0032,32,740.71,Chicago,Yes
2023/07/27,S001,P0018,41,278.93,New York,-
24-04-2023,S004,P0004,27,636.13,Chicago,N
26-02-2023,S008,P0030,4,90.26,New York,Yes
"Aug 04, 2023",S006,P0043,47,728.85,New York,Yes
2023/09/19,S009,P0035,29,408.23,,No
"Sep 14, 2023",S008,P0018,23,323.93,Chicago,Yes
2023/12/05,S004,P0037,25,599.72,Los Angeles,-
2023/08/07,S009,P0049,32,511.33,Phoenix,-
"Mar 18, 2023",S010,P0001,1,23.54,Houston,No
2023/05/17,S004,P0020,8,44.35,,No
2023/05/16,S002,P0018,14,95.12,Phoenix,Yes
2023/09/25,S009,P0007,9,83.96,,-
2023/10/17,S003,P0028,50,599.99,Phoenix,-
"May 09, 2023",S006,P0033,18,278.49,Phoenix,No
"Jul 03, 2023",S004,P0018,11,193.76,Houston,Y
23-02-2023,S007,P0029,49,310.26,,-
"Jul 19, 2023",S002,P0050,40,378.67,New York,N
23-06-2023,S005,P0018,41,908.52,Houston,No
2023/11/04,S006,P0028,7,76.95,,No
17-02-2023,S008,P0034,18,363.96,New York,Yes
"Nov 06, 2023",S001,P0036,26,503.32,,N
"Feb 02, 2023",S009,P0004,18,169.36,Houston,Yes
2023/03/23,S002,P0020,26,638.13,Phoenix,Yes
2023/10/12,S007,P0016,4,96.34,,-
22-10-2023,S004,P0026,-3,-38.69,Houston,Y
2023/05/11,S006,P0008,41,259.01,Chicago,No
2023/07/07,S006,P0037,17,103.0,New York,-
"Oct 12, 2023",S005,P0030,49,856.4,Chicago,Y
25-09-2023,S004,P0027,11,109.57,Los Angeles,-
2023/01/11,S007,P0050,18,138.87,Chicago,N
"Oct 26, 2023",S007,P0009,13,111.7,Houston,Y
"Apr 19, 2023",S009,P0020,21,132.1,,No
"Jul 07, 2023",S004,P0003,-1,-10.06,Phoenix,-
2023/10/19,S001,P0007,-3,-30.11,,-
2023/05/28,S001,P0044,12,295.67,Chicago,N
18-12-2023,S004,P0020,19,235.65,,Yes
2023/09/04,S007,P0010,25,531.98,Phoenix,Y
2023/09/04,S010,P0005,14,256.56,New York,No
"Nov 20, 2023",S003,P0003,37,317.08,,N
2023/07/31,S008,P0015,26,0.0,New York,No
"Dec 31, 2023",S001,P0045,25,472.09,,No
"Jul 09, 2023",S004,P0001,37,833.96,New York,Yes
"Jan 11, 2023",S008,P0040,8,67.82,Houston,N
"Mar 21, 2023",S006,P0007,0,0.0,,Yes
"Mar 08, 2023",S002,P0019,2,35.38,Houston,Yes
"Aug 04, 2023",S009,P0024,-4,-89.28,Los Angeles,-
2023/03/03,S010,P0036,3,36.19,Houston,No
2023/05/21,S008,P0018,33,744.55,Chicago,-
2023/01/28,S003,P0050,4,60.72,Los Angeles,N
2023/07/27,S004,P0030,37,402.05,Phoenix,N
2023/06/20,S002,P0045,46,1043.25,Phoenix,Y
"Mar 16, 2023",S004,P0025,31,353.94,Chicago,Yes
"Sep 30, 2023",S005,P0045,27,615.49,Los Angeles,Y
2023/01/24,S006,P0015,3,45.58,,No
"Nov 30, 2023",S007,P0021,25,463.75,Los Angeles,No
2023/10/20,S002,P0004,18,201.18,Chicago,No
"May 10, 2023",S008,P0013,9,197.75,New York,No
2023/01/11,S006,P0040,2,19.55,New York,-
"May 03, 2023",S004,P0001,34,430.1,Los Angeles,Yes
2023/08/28,S005,P0035,2,29.0,New York,N
2023/11/07,S009,P0044,29,469.34,New York,Yes
2023/08/11,S008,P0024,33,250.49,Houston,N
11-10-2023,S001,P0047,29,504.26,Houston,No
"Oct 31, 2023",S003,P0050,25,597.87,New York,Yes
2023/06/27,S005,P0024,2,24.83,Los Angeles,Y
14-05-2023,S003,P0040,47,442.67,Houston,N
2023/03/01,S009,P0015,33,715.54,,Y
"Jan 14, 2023",S004,P0029,26,607.61,,No
"Jul 16, 2023",S005,P0015,35,472.18,New York,Yes
"Aug 04, 2023",S007,P0017,11,218.19,New York,N
03-03-2023,S005,P0028,35,593.38,Houston,N
"Jan 15, 2023",S001,P0011,43,460.91,Houston,-
"Sep 23, 2023",S005,P0007,23,447.64,Phoenix,No
"May 05, 2023",S006,P0048,15,235.13,Houston,N
2023/01/08,S006,P0023,26,147.97,Los Angeles,No
"Jun 25, 2023",S004,P0034,35,857.23,Los Angeles,-
"Mar 13, 2023",S001,P0024,30,452.63,Houston,Y
30-04-2023,S006,P0002,20,437.61,,N
2023/05/23,S004,P0046,27,597.11,Phoenix,-
10-05-2023,S008,P0024,47,484.83,Houston,Y
"Aug 09, 2023",S007,P0039,15,86.6,Los Angeles,Yes
2023/10/16,S010,P0020,32,437.23,New York,Y
2023/08/22,S002,P0011,1,24.94,,-
"Aug 26, 2023",S004,P0030,32,757.31,Los Angeles,Y
2023/09/09,S010,P0004,35,289.79,Phoenix,Y
2023/08/08,S009,P0009,7,47.36,Chicago,Yes
"Nov 22, 2023",S001,P0049,5,94.25,Houston,Yes
28-03-2023,S010,P0041,-4,-80.13,Chicago,No
"May 12, 2023",S007,P0031,-5,-60.68,New York,No
2023/07/17,S009,P0036,22,478.83,Houston,Yes
27-01-2023,S006,P0040,43,840.28,Chicago,-
2023/06/09,S004,P0029,45,767.13,Houston,N
2023/03/02,S005,P0011,34,750.04,New York,Y
"Aug 24, 2023",S002,P0028,21,296.16,Houston,-
2023/07/27,S002,P0014,27,248.83,Chicago,-
2023/05/05,S004,P0044,27,371.67,Chicago,No
16-09-2023,S008,P0011,46,928.53,Chicago,Y
18-11-2023,S003,P0017,24,428.5,New York,Yes
15-10-2023,S004,P0028,38,882.12,Chicago,N
"Jan 25, 2023",S010,P0033,45,935.64,,N
2023/03/26,S001,P0008,30,285.5,New York,N
11-07-2023,S009,P0011,37,0.0,New York,No
12-07-2023,S004,P0004,8,175.23,New York,Y
02-07-2023,S006,P0040,44,754.27,Los Angeles,Yes
2023/01/08,S009,P0046,0,0.0,Los Angeles,N
"Jan 04, 2023",S008,P0046,50,394.98,,N
2023/04/17,S001,P0025,49,1148.4,Phoenix,N
"Jul 23, 2023",S008,P0026,17,398.03,Phoenix,-
2023/11/03,S005,P0045,48,680.39,,Y
28-01-2023,S010,P0048,9,206.22,Los Angeles,N
2023/10/20,S009,P0013,47,811.81,Los Angeles,Yes
2023/06/26,S003,P0027,33,482.29,,Y
"Apr 10, 2023",S004,P0007,28,427.5,Los Angeles,-
"Jun 06, 2023",S003,P0011,19,411.75,,N
2023/05/01,S008,P0027,19,406.56,,-
"Aug 11, 2023",S001,P0042,-2,-38.93,Chicago,Yes
14-02-2023,S002,P0045,32,443.19,New York,No
2023/04/03,S008,P0020,27,602.0,New York,-
19-04-2023,S006,P0018,33,455.44,Phoenix,Y
2023/05/04,S009,P0034,42,598.46,Phoenix,No
"Jul 29, 2023",S010,P0018,40,342.51,Los Angeles,Yes
2023/04/16,S001,P0050,25,229.66,Phoenix,Y
21-06-2023,S009,P0011,41,727.25,Los Angeles,N
11-12-2023,S001,P0007,48,662.71,Chicago,Yes
"Dec 01, 2023",S006,P0005,-5,-97.93,,No
24-10-2023,S004,P0044,1,15.22,,N
"Jun 25, 2023",S004,P0014,6,71.37,Los Angeles,Yes
06-02-2023,S001,P0034,5,74.79,Houston,Y
"Jun 11, 2023",S004,P0031,28,526.68,Chicago,No
31-05-2023,S008,P0027,6,142.56,Los Angeles,N
2023/01/22,S008,P0039,14,224.03,Chicago,-
"Aug 08, 2023",S009,P0040,11,143.75,,Yes
"Apr 01, 2023",S004,P0028,42,957.16,New York,N
2023/08/04,S002,P0047,10,64.68,Los Angeles,Yes
26-12-2023,S007,P0020,47,673.37,Houston,-
"Dec 24, 2023",S003,P0021,11,223.82,New York,No
2023/05/13,S001,P0023,9,55.59,,Y
30-12-2023,S003,P0042,28,0.0,New York,-
"Jun 06, 2023",S010,P0019,31,766.85,Los Angeles,-
"May 23, 2023",S004,P0034,16,374.14,Houston,No
19-07-2023,S008,P0031,22,240.0,,N
13-06-2023,S002,P0013,-3,-72.32,Phoenix,-
03-08-2023,S008,P0017,36,695.29,Phoenix,N
2023/02/28,S002,P0041,37,810.14,,N
2023/03/07,S010,P0025,18,271.0,Houston,No
22-11-2023,S010,P0040,33,627.57,Chicago,N
"Apr 15, 2023",S006,P0046,-5,-99.78,Chicago,-
2023/03/06,S006,P0020,32,471.49,Chicago,Y
"Sep 23, 2023",S008,P0012,47,694.6,,-
2023/01/09,S009,P0039,-4,-96.0,Chicago,N
2023/02/27,S005,P0049,8,83.88,Phoenix,-
2023/12/08,S004,P0001,50,697.94,Los Angeles,Yes
2023/04/23,S005,P0049,9,134.29,Houston,Y
2023/05/29,S010,P0036,7,39.16,,N
2023/07/11,S006,P0014,50,1204.9,New York,No
"Dec 18, 2023",S002,P0013,44,950.4,Chicago,Yes
26-04-2023,S004,P0018,37,0.0,Chicago,Yes
"Jan 02, 2023",S010,P0010,12,61.34,Los Angeles,-
2023/10/16,S010,P0048,39,461.48,,N
21-01-2023,S006,P0033,13,70.24,New York,N
12-01-2023,S005,P0010,13,93.41,,Y
"Jan 14, 2023",S001,P0016,40,949.56,Chicago,-
21-06-2023,S008,P0009,-3,-52.79,Los Angeles,Y
"May 25, 2023",S006,P0028,8,47.56,Chicago,Y
27-12-2023,S002,P0008,2,42.19,Los Angeles,N
2023/12/28,S010,P0039,5,66.7,Los Angeles,N
"Nov 27, 2023",S008,P0048,3,55.77,Chicago,-
2023/05/10,S009,P0001,23,0.0,,Y
14-12-2023,S003,P0043,18,249.55,Chicago,Yes
2023/01/03,S003,P0027,13,257.87,Los Angeles,N
2023/07/27,S010,P0009,4,0.0,Phoenix,-
16-11-2023,S003,P0050,42,272.03,Phoenix,Y
27-06-2023,S010,P0040,42,542.92,,No
08-07-2023,S007,P0037,-5,-87.55,,-
"Nov 28, 2023",S009,P0012,47,1048.29,Phoenix,No
27-07-2023,S005,P0035,9,104.62,,Y
2023/10/07,S009,P0007,47,481.58,Houston,Y
03-10-2023,S002,P0016,22,150.8,Chicago,N
2023/02/09,S003,P0015,16,247.64,Chicago,N
"Sep 08, 2023",S004,P0024,23,372.89,,Yes
"Jul 25, 2023",S003,P0005,9,139.72,Phoenix,No
29-09-2023,S004,P0038,24,0.0,Phoenix,Yes
2023/11/07,S008,P0030,14,283.61,Los Angeles,N
2023/09/18,S004,P0018,0,0.0,Phoenix,Yes
02-05-2023,S006,P0035,37,206.52,Phoenix,No
11-08-2023,S008,P0002,8,181.2,Houston,-
2023/05/12,S006,P0018,0,0.0,New York,Yes
15-02-2023,S007,P0012,42,873.09,,-
06-09-2023,S010,P0027,28,569.77,,No
"Feb 13, 2023",S010,P0047,14,71.99,Houston,N
21-10-2023,S009,P0024,22,309.42,Chicago,N
"Aug 05, 2023",S008,P0036,14,326.44,,N
18-03-2023,S006,P0022,11,262.91,New York,-
2023/01/21,S008,P0005,15,93.57,New York,No
"Jun 27, 2023",S009,P0029,34,589.54,Phoenix,Y
"Oct 20, 2023",S009,P0032,30,281.72,Houston,Y
"Mar 14, 2023",S003,P0003,17,405.96,Phoenix,Y
23-01-2023,S007,P0039,36,723.02,Chicago,-
"Sep 21, 2023",S005,P0021,-4,-88.59,Phoenix,N
08-03-2023,S005,P0039,18,95.93,Houston,Yes
"Jan 22, 2023",S003,P0038,17,381.99,New York,Y
04-07-2023,S003,P0030,48,736.39,New York,No
"Jan 05, 2023",S007,P0004,44,438.42,New York,Yes
"Dec 26, 2023",S008,P0021,30,160.94,,-
20-06-2023,S008,P0010,42,489.13,,N
03-11-2023,S008,P0036,47,807.9,Los Angeles,N
"Aug 19, 2023",S010,P0038,37,448.38,New York,N
"Feb 05, 2023",S006,P0050,-2,-45.96,Houston,No
10-10-2023,S005,P0032,-4,-34.92,Chicago,Yes
"Apr 14, 2023",S010,P0010,18,183.6,,-
"Aug 27, 2023",S004,P0047,45,491.18,,N
"Oct 15, 2023",S005,P0011,13,242.8,Los Angeles,Yes
2023/08/12,S008,P0023,30,452.62,New York,N
26-01-2023,S008,P0022,7,104.18,Houston,No
05-09-2023,S003,P0030,22,457.28,New York,No
20-09-2023,S009,P0010,47,1000.55,New York,-
05-01-2023,S007,P0028,49,862.75,New York,No
16-10-2023,S010,P0013,10,177.48,New York,-
17-09-2023,S009,P0049,20,311.68,Los Angeles,No
18-11-2023,S005,P0030,4,72.55,Phoenix,N
2023/09/17,S009,P0049,20,305.64,,-
"Jul 17, 2023",S007,P0002,38,927.37,New York,N
"Jun 30, 2023",S009,P0043,9,202.72,,No
09-03-2023,S005,P0038,3,66.02,Chicago,N
05-09-2023,S010,P0012,-2,0.0,Los Angeles,No
2023/04/08,S006,P0007,7,128.38,Los Angeles,Yes
"Apr 26, 2023",S007,P0012,15,133.77,Phoenix,No
"Feb 07, 2023",S001,P0040,3,53.07,Chicago,Y
26-10-2023,S008,P0013,37,815.45,,Yes
"Jun 01, 2023",S007,P0027,16,336.54,Los Angeles,Yes
14-04-2023,S006,P0010,0,0.0,New York,-
2023/12/11,S009,P0012,11,94.75,Phoenix,No
2023/10/26,S001,P0022,8,189.46,,Y
"Dec 04, 2023",S001,P0003,13,190.31,Chicago,Y
03-02-2023,S009,P0028,-3,-65.56,,N
2023/02/08,S006,P0010,35,353.32,Phoenix,Yes
"Jul 22, 2023",S003,P0021,34,690.91,,-
2023/11/25,S006,P0029,45,968.29,Los Angeles,No
2023/12/14,S009,P0015,5,99.3,Houston,-
28-11-2023,S005,P0040,6,134.76,Phoenix,No
2023/09/18,S002,P0012,49,860.1,Los Angeles,-
"May 16, 2023",S009,P0009,25,610.67,Los Angeles,No
"Jun 13, 2023",S004,P0011,-2,-46.2,Los Angeles,No
2023/09/27,S010,P0035,18,323.4,New York,Y
"Nov 11, 2023",S006,P0008,30,659.3,,No
20-05-2023,S001,P0042,5,83.49,Los Angeles,No
21-07-2023,S007,P0050,-1,-6.47,Houston,-
30-07-2023,S008,P0031,26,350.23,Houston,No
"Mar 14, 2023",S007,P0039,21,392.94,Los Angeles,N
2023/01/28,S001,P0015,19,246.04,Chicago,No
"Jun 22, 2023",S005,P0016,50,0.0,Phoenix,-
31-01-2023,S003,P0033,49,789.71,New York,-
03-06-2023,S007,P0011,9,67.65,Chicago,Yes
2023/10/10,S010,P0049,11,100.71,Houston,Yes
2023/07/22,S003,P0047,42,235.01,New York,No
2023/08/29,S003,P0001,22,179.52,Los Angeles,N
2023/07/16,S003,P0036,45,612.46,Los Angeles,No
08-04-2023,S008,P0045,2,26.9,Chicago,No
2023/07/03,S009,P0016,37,852.53,,Yes
09-07-2023,S009,P0041,50,1228.08,,Yes
"Apr 18, 2023",S007,P0018,2,22.74,Houston,-
"Feb 15, 2023",S001,P0014,16,203.0,Los Angeles,Yes
23-09-2023,S008,P0040,4,24.13,Houston,Yes
"Jun 17, 2023",S001,P0039,17,0.0,Phoenix,N
2023/12/09,S006,P0039,10,200.99,,N
26-02-2023,S009,P0038,45,531.31,New York,No
"Jul 08, 2023",S009,P0044,26,174.5,Phoenix,N
12-01-2023,S009,P0014,29,364.43,,N
2023/11/04,S004,P0031,47,867.12,,No
12-12-2023,S001,P0028,11,187.69,New York,Y
2023/06/02,S003,P0017,47,524.31,Los Angeles,N
08-07-2023,S002,P0050,-2,-47.38,Los Angeles,No
"Apr 25, 2023",S005,P0010,35,539.34,Chicago,-
"Aug 21, 2023",S004,P0009,37,518.45,,No
2023/12/04,S007,P0040,-5,-53.29,Houston,N
21-02-2023,S005,P0022,11,106.12,New York,N
14-09-2023,S005,P0046,34,238.54,Los Angeles,-
2023/06/25,S007,P0033,30,561.6,Phoenix,No
2023/07/07,S008,P0022,7,125.9,Houston,Yes
02-07-2023,S002,P0002,36,586.31,Houston,Y
2023/08/10,S003,P0043,0,0.0,New York,N
"Jun 28, 2023",S006,P0019,1,0.0,Los Angeles,N
2023/01/23,S007,P0028,1,13.07,Phoenix,No
2023/08/04,S003,P0009,31,685.15,Phoenix,Yes
2023/11/13,S004,P0037,2,39.64,Chicago,-
27-11-2023,S009,P0029,46,753.22,Los Angeles,N
18-06-2023,S003,P0006,36,312.88,New York,No
"Mar 28, 2023",S006,P0016,14,110.76,Los Angeles,No
06-09-2023,S002,P0041,30,662.4,Houston,N
23-06-2023,S004,P0025,3,36.13,Houston,Yes
2023/08/27,S006,P0047,43,836.73,Los Angeles,Yes
12-06-2023,S005,P0025,27,144.08,Phoenix,N
14-09-2023,S007,P0009,40,617.12,,-
"Jun 15, 2023",S003,P0022,15,137.96,Los Angeles,N
"Jul 28, 2023",S009,P0047,13,68.37,Phoenix,N
20-08-2023,S010,P0032,4,64.21,Phoenix,No
30-09-2023,S003,P0026,26,642.3,Chicago,Yes
10-06-2023,S003,P0017,-4,-81.34,Chicago,No
17-11-2023,S010,P0016,36,319.38,,N
2023/11/03,S005,P0008,25,365.15,Chicago,Yes
20-09-2023,S006,P0040,32,722.72,Chicago,Yes
2023/06/02,S003,P0019,35,674.33,Phoenix,Yes
2023/08/15,S006,P0009,11,216.8,New York,Yes
2023/09/18,S010,P0015,4,0.0,,N
"Jan 26, 2023",S001,P0002,6,71.21,Houston,-
2023/04/16,S008,P0016,41,339.31,,Yes
16-06-2023,S002,P0002,28,493.1,Los Angeles,-
2023/06/28,S001,P0025,21,190.68,Los Angeles,Yes
2023/01/10,S004,P0004,-5,-44.48,,Y
2023/04/18,S009,P0033,36,440.87,,No
2023/06/20,S004,P0050,35,732.15,Houston,-
"Apr 28, 2023",S009,P0012,31,399.98,,Yes
"Jul 08, 2023",S008,P0037,-2,-22.27,Phoenix,No
"Jul 26, 2023",S004,P0022,35,0.0,Phoenix,No
24-01-2023,S002,P0001,0,0.0,,Yes
20-05-2023,S003,P0003,34,633.66,Phoenix,Yes
"Jan 07, 2023",S009,P0012,31,467.67,New York,N
"Dec 21, 2023",S009,P0001,18,110.19,Los Angeles,Y
"Jul 09, 2023",S009,P0020,18,316.24,New York,-
12-10-2023,S003,P0025,29,259.59,Chicago,No
"Apr 12, 2023",S001,P0045,1,20.46,New York,Yes
28-08-2023,S005,P0003,20,179.83,Houston,-
13-10-2023,S005,P0035,6,133.88,New York,No
"Feb 15, 2023",S009,P0003,14,346.61,Chicago,N
2023/07/10,S009,P0024,17,375.34,Chicago,N
2023/05/03,S004,P0047,-3,-50.57,New York,-
2023/08/28,S003,P0031,29,245.54,Los Angeles,No
2023/11/15,S008,P0018,38,455.18,,Yes
20-12-2023,S002,P0018,24,164.76,New York,N
11-11-2023,S001,P0044,12,0.0,Phoenix,-
2023/09/26,S001,P0047,9,198.93,Houston,-
"Nov 27, 2023",S002,P0038,3,43.14,New York,No
18-09-2023,S009,P0005,27,440.83,Houston,No
2023/10/13,S002,P0004,-5,-83.75,Chicago,No
"Mar 09, 2023",S008,P0004,-4,0.0,Los Angeles,Y
"Nov 10, 2023",S004,P0027,33,422.36,,No
"Mar 07, 2023",S009,P0039,29,279.77,Houston,Y
"Aug 20, 2023",S008,P0038,36,877.34,Los Angeles,Yes
"May 04, 2023",S009,P0016,26,327.76,Houston,Y
2023/11/24,S002,P0014,48,744.93,New York,No
2023/04/01,S009,P0048,12,193.61,Phoenix,Yes
"Jul 29, 2023",S010,P0027,9,174.29,Phoenix,N
"Nov 13, 2023",S005,P0020,-3,-24.24,New York,Yes
2023/11/06,S001,P0017,8,124.06,Phoenix,Yes
02-08-2023,S006,P0038,40,268.79,Chicago,No
27-09-2023,S006,P0008,10,228.36,,N
02-12-2023,S008,P0041,33,0.0,New York,N
16-12-2023,S001,P0049,42,567.9,New York,-
2023/10/06,S001,P0017,39,567.65,Chicago,Yes
06-12-2023,S005,P0015,11,188.78,Chicago,No
19-04-2023,S003,P0028,40,0.0,Los Angeles,No
2023/09/15,S006,P0028,38,364.08,,No
2023/07/31,S007,P0047,31,481.28,Houston,No
"Dec 03, 2023",S002,P0035,32,498.97,Chicago,No
"Jul 01, 2023",S006,P0042,50,1033.79,,Y
13-12-2023,S002,P0021,10,157.69,,Y
"Jan 13, 2023",S004,P0008,22,262.46,Los Angeles,Yes
2023/01/12,S010,P0011,-1,-5.96,New York,-
04-08-2023,S006,P0044,24,377.71,Chicago,-
17-07-2023,S009,P0029,15,366.21,,Yes
"Sep 06, 2023",S006,P0021,31,482.84,Chicago,Y
09-04-2023,S006,P0009,48,364.41,New York,N
2023/07/07,S008,P0042,24,451.81,New York,Yes
19-05-2023,S004,P0020,36,793.57,,-
02-08-2023,S005,P0031,30,586.52,New York,-
22-10-2023,S006,P0008,31,711.7,,Y
2023/12/15,S004,P0046,29,676.11,Los Angeles,N
2023/03/21,S005,P0003,19,159.87,,No
2023/08/30,S005,P0012,6,83.57,Phoenix,N
2023/11/18,S007,P0003,41,827.04,,Yes
19-12-2023,S001,P0035,49,1010.27,Phoenix,N
15-03-2023,S003,P0032,24,0.0,Houston,Yes
"Feb 01, 2023",S003,P0039,33,724.95,Chicago,Yes
20-08-2023,S001,P0029,3,61.83,,No
"Feb 07, 2023",S002,P0032,5,49.22,New York,Y
"Aug 26, 2023",S006,P0036,6,133.73,New York,Y
"Oct 03, 2023",S003,P0049,23,367.84,New York,Yes
"Jan 06, 2023",S010,P0020,22,374.06,New York,N
11-03-2023,S007,P0015,-2,-41.02,Los Angeles,Y
10-05-2023,S001,P0045,7,165.77,,No
"May 10, 2023",S005,P0020,2,36.11,Houston,Yes
13-12-2023,S003,P0016,49,392.25,Los Angeles,-
23-11-2023,S002,P0014,6,125.76,Chicago,No
"Oct 17, 2023",S003,P0015,43,631.2,New York,Y
"Mar 01, 2023",S005,P0035,-3,-64.38,,Yes
"Jul 05, 2023",S008,P0037,11,157.62,,No
2023/12/05,S009,P0050,11,55.41,Houston,-
31-10-2023,S007,P0020,-1,-20.44,,N
"Dec 23, 2023",S007,P0032,21,425.89,Los Angeles,-
2023/10/16,S010,P0034,3,73.75,Phoenix,N
"Sep 07, 2023",S009,P0017,18,324.39,Phoenix,Yes
2023/09/25,S006,P0034,19,123.41,,Yes
06-02-2023,S002,P0028,14,349.36,Chicago,Yes
2023/10/30,S007,P0030,-5,-71.6,New York,No
17-09-2023,S010,P0035,30,708.06,Houston,Yes
2023/06/08,S004,P0035,36,639.91,Houston,-
30-01-2023,S001,P0029,43,453.87,,Y
2023/01/21,S008,P0039,-1,-14.47,New York,No
2023/11/27,S009,P0012,32,170.49,Chicago,Y
"Aug 04, 2023",S004,P0019,18,290.64,Chicago,Y
2023/04/10,S004,P0049,12,109.91,Los Angeles,-
15-11-2023,S010,P0026,-5,-124.43,Houston,N
2023/08/09,S006,P0032,26,251.71,,Y
17-02-2023,S001,P0043,37,728.3,Chicago,No
2023/11/05,S001,P0016,42,437.51,Los Angeles,N
20-02-2023,S009,P0032,16,256.15,Los Angeles,N
25-12-2023,S002,P0007,24,402.88,Houston,No
2023/04/15,S002,P0038,9,78.99,New York,Y
2023/02/20,S004,P0030,11,166.1,New York,-
13-12-2023,S005,P0018,43,1040.03,Phoenix,N
2023/04/01,S004,P0038,43,276.47,Houston,Y
26-05-2023,S008,P0002,23,437.43,Chicago,-
2023/01/20,S003,P0027,32,272.91,Chicago,Y
2023/07/13,S003,P0046,24,169.23,Los Angeles,N
"Dec 08, 2023",S003,P0049,8,95.95,,Yes
2023/07/17,S003,P0042,32,598.07,Houston,-
20-11-2023,S002,P0030,17,309.15,New York,Y
09-09-2023,S006,P0026,35,389.03,Chicago,Y
"Jan 02, 2023",S007,P0004,4,86.5,Phoenix,No
18-12-2023,S003,P0048,46,580.44,Los Angeles,Yes
2023/08/19,S008,P0013,39,869.45,,Y
2023/06/30,S005,P0049,25,234.29,Los Angeles,-
"Mar 25, 2023",S002,P0035,9,222.64,Los Angeles,N
"May 21, 2023",S004,P0041,-3,-45.74,Los Angeles,Yes
22-12-2023,S003,P0024,9,194.78,Los Angeles,No
"Dec 12, 2023",S004,P0049,42,448.1,,No
2023/04/04,S007,P0007,41,917.38,Los Angeles,Y
"Apr 23, 2023",S003,P0040,47,482.15,Chicago,Yes
11-01-2023,S001,P0020,2,42.93,,Yes
"Sep 05, 2023",S003,P0030,33,658.02,,Yes
"Jan 15, 2023",S008,P0039,36,859.82,Chicago,N
2023/12/07,S009,P0045,44,630.89,Chicago,No
10-04-2023,S001,P0033,36,218.26,Chicago,N
"Aug 21, 2023",S008,P0047,20,383.81,Chicago,Y
"Jan 12, 2023",S007,P0026,21,116.62,New York,N
2023/09/15,S006,P0021,37,223.96,Phoenix,Y
"Apr 25, 2023",S007,P0015,49,768.37,Houston,-
2023/08/06,S003,P0025,35,727.62,Los Angeles,N
2023/07/10,S007,P0034,47,1111.26,Houston,Y
2023/12/07,S005,P0009,44,607.3,Phoenix,No
2023/09/09,S010,P0002,41,1021.27,Houston,N
16-02-2023,S002,P0018,37,386.58,Phoenix,Yes
07-09-2023,S009,P0029,3,22.35,Los Angeles,N
"Aug 25, 2023",S001,P0036,30,224.65,Los Angeles,Yes
"Nov 13, 2023",S005,P0024,10,75.35,Los Angeles,Yes
2023/08/05,S009,P0001,8,143.0,New York,Yes
"Mar 06, 2023",S005,P0024,17,305.38,,Yes
2023/05/21,S008,P0020,2,0.0,Los Angeles,Y
2023/10/08,S007,P0019,34,664.49,Houston,Yes
"Jun 15, 2023",S001,P0017,46,0.0,,-
"Mar 18, 2023",S003,P0016,5,79.98,Phoenix,-
"Oct 23, 2023",S010,P0011,0,0.0,Chicago,Yes
2023/05/29,S005,P0026,25,294.75,Phoenix,Yes
2023/08/07,S010,P0024,5,88.85,New York,N
2023/11/19,S009,P0020,17,337.23,,Yes
2023/06/20,S002,P0033,21,326.26,Chicago,No
"Feb 02, 2023",S006,P0027,-3,-17.13,New York,N
14-08-2023,S006,P0012,40,0.0,,Yes
"Apr 29, 2023",S006,P0008,23,174.85,Houston,Y
"Feb 17, 2023",S008,P0049,21,416.45,Phoenix,Y
"Oct 13, 2023",S007,P0034,13,280.02,,-
2023/06/18,S009,P0038,38,468.77,Los Angeles,Y
"Jun 17, 2023",S004,P0018,31,554.02,Houston,No
2023/06/18,S004,P0007,8,140.12,Los Angeles,Y
25-09-2023,S010,P0020,2,41.01,Chicago,N
"Feb 05, 2023",S001,P0016,-1,-15.32,Phoenix,Y
11-04-2023,S001,P0030,8,155.94,,No
"Jan 18, 2023",S002,P0026,20,142.52,Houston,Yes
"Mar 28, 2023",S010,P0005,4,80.95,Houston,Yes
18-07-2023,S010,P0035,13,137.7,Phoenix,-
06-05-2023,S009,P0049,22,340.74,,-
2023/06/05,S002,P0045,1,15.06,Los Angeles,-
"Mar 26, 2023",S005,P0019,30,314.73,,Yes
21-12-2023,S004,P0024,34,519.7,Chicago,Yes
20-12-2023,S003,P0013,50,328.13,Houston,Yes
2023/02/28,S007,P0005,5,60.11,Chicago,Yes
2023/01/23,S007,P0032,35,356.67,Los Angeles,Yes
01-07-2023,S005,P0012,21,494.88,Houston,No
07-03-2023,S004,P0007,17,0.0,Los Angeles,No
"Dec 20, 2023",S001,P0038,5,78.28,,No
08-04-2023,S004,P0007,22,286.69,Chicago,No
"Oct 18, 2023",S006,P0030,-1,-23.28,New York,No
2023/10/22,S002,P0027,13,296.7,Los Angeles,-
12-11-2023,S008,P0012,13,289.49,Houston,-
12-09-2023,S004,P0030,20,408.77,Chicago,Yes
2023/10/31,S002,P0017,33,387.82,Phoenix,Yes
13-12-2023,S007,P0046,13,115.57,,Y
2023/10/19,S009,P0019,40,398.5,Chicago,-
13-04-2023,S006,P0049,9,128.54,Phoenix,Y
"Aug 09, 2023",S009,P0031,19,339.36,,-
03-08-2023,S001,P0045,43,0.0,New York,-
08-06-2023,S009,P0006,39,914.72,Chicago,N
"Aug 19, 2023",S006,P0028,-2,-44.3,Los Angeles,Yes
2023/03/19,S007,P0034,43,381.79,Los Angeles,-
2023/09/08,S004,P0002,50,506.28,New York,No
2023/07/26,S005,P0048,42,216.71,,N
"Aug 15, 2023",S003,P0042,29,350.4,Houston,Y
2023/04/07,S007,P0027,18,146.36,Los Angeles,No
2023/01/21,S006,P0007,17,277.91,Phoenix,No
08-07-2023,S004,P0001,29,172.08,Chicago,Y
28-08-2023,S001,P0050,-1,-19.85,New York,-
2023/06/26,S010,P0002,15,85.58,Houston,N
"Aug 01, 2023",S005,P0027,1,16.23,Phoenix,No
24-05-2023,S006,P0039,26,609.19,New York,No
"Dec 02, 2023",S009,P0044,16,256.41,Los Angeles,Y
2023/09/28,S007,P0005,20,494.9,Houston,No
2023/11/22,S010,P0002,5,42.72,Chicago,Yes
03-07-2023,S005,P0003,46,968.23,Chicago,No
18-04-2023,S007,P0048,-1,-24.04,Los Angeles,Yes
"Nov 08, 2023",S010,P0004,46,243.6,Chicago,N
09-10-2023,S008,P0025,32,418.15,Phoenix,Y
2023/10/30,S008,P0023,7,90.44,Los Angeles,N
"Jul 19, 2023",S004,P0007,20,332.79,New York,No
"Aug 17, 2023",S002,P0031,45,1043.53,Chicago,-
2023/06/02,S002,P0049,35,338.84,Los Angeles,-
05-11-2023,S007,P0046,27,145.87,Houston,N
2023/04/18,S002,P0005,16,364.82,,No
"Nov 20, 2023",S005,P0013,21,297.76,Los Angeles,Yes
"Jan 23, 2023",S004,P0025,35,201.38,Chicago,No
2023/06/28,S001,P0026,2,31.28,,Y
"Nov 20, 2023",S002,P0041,19,256.42,New York,Y
2023/01/22,S008,P0027,8,78.09,New York,Y
2023/03/13,S001,P0047,-3,-48.66,Los Angeles,Yes
"Jun 16, 2023",S001,P0007,47,552.05,New York,Y
"Sep 04, 2023",S002,P0012,47,754.46,Houston,Yes
22-09-2023,S002,P0041,24,308.27,Phoenix,Yes
"Aug 27, 2023",S005,P0044,28,505.96,Houston,Y
11-11-2023,S006,P0036,21,218.09,New York,Y
"Aug 28, 2023",S008,P0007,25,241.25,Phoenix,Y
01-06-2023,S006,P0030,7,142.78,,No
"Apr 23, 2023",S006,P0042,5,27.22,Houston,-
2023/07/26,S001,P0003,24,382.16,Houston,No
13-08-2023,S009,P0009,30,413.61,Chicago,Yes
2023/12/08,S003,P0033,4,47.56,,Yes
"Aug 08, 2023",S002,P0029,22,507.7,New York,Yes
16-05-2023,S009,P0008,23,449.52,Phoenix,Y
18-07-2023,S006,P0004,-4,-72.51,Los Angeles,No
"Dec 26, 2023",S009,P0036,16,298.66,,-
"Apr 28, 2023",S005,P0028,47,769.35,,Yes
2023/04/25,S007,P0048,34,201.19,Los Angeles,-
2023/09/02,S007,P0020,23,407.07,Los Angeles,No
05-05-2023,S003,P0043,-2,-12.03,Los Angeles,No
"Sep 22, 2023",S005,P0001,9,134.41,Chicago,N
2023/08/22,S009,P0012,47,751.67,Houston,-
"May 21, 2023",S010,P0016,3,66.34,Chicago,Yes
16-02-2023,S004,P0019,9,101.25,Chicago,Y
2023/05/18,S005,P0003,45,387.07,Chicago,Y
19-06-2023,S005,P0049,11,58.54,,Y
"Sep 03, 2023",S010,P0049,37,782.31,Los Angeles,N
"Dec 24, 2023",S005,P0005,40,606.16,Phoenix,N
10-01-2023,S010,P0049,9,171.89,Chicago,N
2023/08/17,S006,P0033,47,743.73,New York,No
19-06-2023,S004,P0032,44,661.75,Houston,Y
2023/03/28,S002,P0001,27,412.44,New York,N
11-07-2023,S010,P0018,29,300.08,Los Angeles,Yes
2023/11/02,S001,P0020,47,298.9,New York,Y
2023/10/26,S002,P0038,13,252.16,New York,N
2023/09/18,S007,P0017,-3,-62.6,Los Angeles,N
23-01-2023,S001,P0003,29,290.43,Los Angeles,Yes
11-04-2023,S006,P0035,8,170.29,New York,Yes
27-07-2023,S001,P0037,-5,-116.31,Houston,-
29-05-2023,S003,P0002,-5,-110.87,New York,No
2023/04/06,S004,P0050,17,0.0,Houston,N
2023/09/19,S001,P0011,3,18.33,New York,No
14-08-2023,S005,P0029,34,726.98,Los Angeles,Y
2023/05/06,S002,P0036,34,503.74,,N
"Aug 21, 2023",S008,P0044,4,95.7,Chicago,N
2023/04/01,S008,P0002,47,817.54,New York,-
11-11-2023,S010,P0004,-4,-58.56,Los Angeles,-
2023/03/11,S006,P0011,39,713.22,Chicago,No
2023/02/19,S006,P0005,3,63.96,Los Angeles,N
"Apr 22, 2023",S010,P0037,31,169.84,Houston,N
2023/02/22,S004,P0048,18,313.32,Phoenix,Y
"Sep 04, 2023",S005,P0018,27,459.51,Los Angeles,Y
2023/03/15,S008,P0023,6,61.95,Chicago,N
2023/09/23,S003,P0005,-2,-49.81,Phoenix,Yes
"Aug 23, 2023",S005,P0040,44,816.34,Chicago,No
2023/12/07,S007,P0002,29,465.47,Los Angeles,Yes
2023/07/12,S010,P0045,31,299.01,,N
"Feb 05, 2023",S009,P0001,-3,-47.11,Los Angeles,No
"Feb 20, 2023",S010,P0029,21,501.09,Phoenix,N
16-08-2023,S001,P0042,17,296.52,Phoenix,Yes
2023/01/16,S005,P0010,35,581.5,Phoenix,Yes
"Aug 18, 2023",S008,P0018,49,0.0,New York,-
26-09-2023,S003,P0020,19,138.16,Chicago,-
2023/05/31,S009,P0036,48,872.26,Houston,Yes
2023/04/07,S007,P0027,26,604.9,Houston,-
2023/11/30,S006,P0039,27,599.94,New York,Y
"Apr 13, 2023",S009,P0035,20,167.61,Chicago,Yes
"Dec 07, 2023",S006,P0004,48,902.27,Los Angeles,Y
2023/10/28,S002,P0009,33,490.1,Phoenix,No
"Aug 10, 2023",S005,P0050,4,21.92,Chicago,-
25-05-2023,S005,P0027,10,207.95,Los Angeles,-
2023/06/15,S004,P0026,8,0.0,New York,-
"Dec 04, 2023",S009,P0045,1,5.08,Chicago,-
2023/12/22,S009,P0039,33,459.77,,N
13-05-2023,S006,P0035,17,233.22,Los Angeles,N
2023/08/28,S010,P0016,50,671.24,New York,-
2023/11/09,S007,P0021,21,311.28,,-
"May 25, 2023",S001,P0016,29,155.67,Chicago,Yes
"Dec 04, 2023",S005,P0041,30,290.81,Los Angeles,Y
12-02-2023,S010,P0044,2,12.25,Phoenix,Y
10-03-2023,S008,P0005,5,49.78,Los Angeles,N
09-12-2023,S005,P0017,34,264.83,Los Angeles,Y
2023/01/08,S005,P0033,-4,-32.19,,N
"Oct 30, 2023",S001,P0044,32,527.16,Los Angeles,No
2023/04/30,S002,P0038,20,400.6,Los Angeles,No
2023/10/28,S002,P0042,30,0.0,Phoenix,-
2023/01/05,S009,P0003,50,826.4,Los Angeles,N
2023/06/28,S005,P0021,38,502.1,,No
2023/07/17,S006,P0023,26,533.95,,N
2023/05/25,S008,P0030,32,778.82,New York,N
26-08-2023,S005,P0044,46,1131.87,,Y
11-09-2023,S001,P0031,23,407.88,Houston,No
24-09-2023,S004,P0045,25,187.26,Phoenix,-
2023/06/25,S001,P0025,9,194.4,New York,Y
13-01-2023,S007,P0040,13,206.97,Houston,Yes
"May 07, 2023",S004,P0020,12,120.57,Houston,Y
05-01-2023,S004,P0027,0,0.0,Houston,No
06-11-2023,S001,P0030,27,550.87,Phoenix,-
2023/04/10,S004,P0010,-1,-22.65,,No
"Aug 21, 2023",S001,P0027,18,214.32,Chicago,No
2023/06/15,S006,P0014,48,514.43,Chicago,Yes
"Jun 07, 2023",S007,P0008,25,440.29,New York,Yes
"Dec 29, 2023",S005,P0021,6,0.0,Chicago,No
22-01-2023,S003,P0011,35,588.36,Los Angeles,No
09-07-2023,S009,P0017,38,504.63,New York,N
06-02-2023,S009,P0029,15,186.35,New York,-
24-10-2023,S001,P0037,10,220.13,New York,-
2023/12/27,S002,P0038,11,155.34,Houston,Y
"Oct 04, 2023",S001,P0025,6,122.04,Los Angeles,Yes
2023/10/30,S008,P0038,5,80.52,New York,Y
2023/01/15,S010,P0029,25,440.7,Chicago,Yes
"Jun 10, 2023",S006,P0020,-3,-29.33,Phoenix,Y
"Aug 17, 2023",S009,P0042,9,144.87,New York,N
"Jan 23, 2023",S005,P0032,42,755.44,Chicago,N
2023/05/24,S002,P0030,34,196.85,Chicago,Y
02-06-2023,S006,P0043,45,374.7,,No
"Dec 03, 2023",S010,P0027,7,43.31,New York,-
"Nov 22, 2023",S006,P0020,32,590.61,New York,No
20-06-2023,S001,P0021,30,487.36,,-
"Oct 27, 2023",S008,P0007,42,1011.15,Phoenix,Yes
2023/07/18,S008,P0010,39,704.38,Chicago,-
"Jul 19, 2023",S010,P0039,6,52.08,Los Angeles,Y
30-12-2023,S003,P0015,15,100.85,New York,-
05-02-2023,S002,P0009,10,69.98,Los Angeles,No
"Jan 25, 2023",S007,P0012,27,456.07,Houston,N
2023/03/25,S004,P0036,30,314.8,Chicago,No
"Jan 09, 2023",S005,P0032,43,1044.98,New York,Yes
2023/08/21,S007,P0025,2,0.0,,No
2023/01/22,S004,P0033,-5,-105.92,Los Angeles,Yes
2023/08/03,S005,P0040,39,326.12,Los Angeles,-
29-04-2023,S002,P0026,2,31.03,New York,N
"Jul 04, 2023",S009,P0005,12,200.08,Los Angeles,Y
13-05-2023,S005,P0029,9,203.42,Los Angeles,No
"Aug 08, 2023",S008,P0048,1,19.93,Los Angeles,-
